@article {block,
    AUTHOR = {Biau, G\'{e}rard and Devroye, Luc},
    TITLE = {On the risk of estimates for block decreasing densities},
    JOURNAL = {J. Multivariate Anal.},
    FJOURNAL = {Journal of Multivariate Analysis},
    VOLUME = {86},
    YEAR = {2003},
    NUMBER = {1},
    PAGES = {143--165},
    ISSN = {0047-259X},
    MRCLASS = {62G05 (62G07)},
    MRNUMBER = {1994726},
    MRREVIEWER = {Vishnu Dayal Jha},
    DOI = {10.1016/S0047-259X(02)00028-3},
    URL = {https://doi.org/10.1016/S0047-259X(02)00028-3},
}


@book {comb-methods,
    AUTHOR = {Devroye, Luc and Lugosi, G\'{a}bor},
    TITLE = {Combinatorial Methods in Density Estimation},
    SERIES = {Springer Series in Statistics},
    PUBLISHER = {Springer-Verlag, New York},
    YEAR = {2001},
    PAGES = {xii+208},
    ISBN = {0-387-95117-2},
    MRCLASS = {62-02 (62G07)},
    MRNUMBER = {1843146},
    MRREVIEWER = {Ulrich Stadtm\"{u}ller},
    DOI = {10.1007/978-1-4613-0125-7},
    URL = {https://doi.org/10.1007/978-1-4613-0125-7},
}

@article {verdu,
    AUTHOR = {Sason, Igal and Verd\'{u}, Sergio},
    TITLE = {{$f$}-divergence inequalities},
    JOURNAL = {IEEE Trans. Inform. Theory},
    FJOURNAL = {Institute of Electrical and Electronics Engineers. Transactions on Information Theory},
    VOLUME = {62},
    YEAR = {2016},
    NUMBER = {11},
    PAGES = {5973--6006},
    ISSN = {0018-9448},
    MRCLASS = {94A17},
    MRNUMBER = {3565096},
    MRREVIEWER = {Oliver Johnson},
    DOI = {10.1109/TIT.2016.2603151},
    URL = {https://doi.org/10.1109/TIT.2016.2603151},
}

@article {vc,
    AUTHOR = {Vapnik, V. N. and \v{C}ervonenkis, A. Ja.},
    TITLE = {The uniform convergence of frequencies of the appearance of events to their probabilities},
    JOURNAL = {Teor. Verojatnost. i Primenen.},
    FJOURNAL = {Akademija Nauk SSSR. Teorija Verojatnoste\u{\i} i ee Primenenija},
    VOLUME = {16},
    YEAR = {1971},
    PAGES = {264--279},
    ISSN = {0040-361x},
    MRCLASS = {60.30},
    MRNUMBER = {0288823},
    MRREVIEWER = {R. M. Dudley},
}

@book {devroye-gyorfi,
    AUTHOR = {Devroye, Luc and Gy\"orfi, L\'aszl\'o},
    TITLE = {Nonparametric Density Estimation: The $L_1$ View},
    SERIES = {Wiley Series in Probability and Mathematical Statistics: Tracts on Probability and Statistics},
    PUBLISHER = {John Wiley \& Sons, Inc., New York},
    YEAR = {1985},
    PAGES = {xi+356},
    ISBN = {0-471-81646-9},
    MRCLASS = {62G05 (60F05 62H30)},
    MRNUMBER = {780746},
    MRREVIEWER = {Paul Deheuvels},
}

@book{devroye-course,
  title = {A Course in Density Estimation},
  author = {Devroye, Luc},
  volume = {14},
  pages = {xx+183},
  series = {Progress in Probability and Statistics},
  publisher = {Birkh\"{a}user Boston, Inc., Boston, MA},
  year = {1987},
  MRNUMBER = {891874}
}

@book {scott,
    AUTHOR = {Scott, David W.},
    TITLE = {Multivariate Density Estimation: Theory, Practice, and Visualization},
    SERIES = {Wiley Series in Probability and Statistics},
    EDITION = {Second},
    PUBLISHER = {John Wiley \& Sons, Inc., Hoboken, NJ},
    YEAR = {2015},
    PAGES = {xviii+350},
    ISBN = {978-0-471-69755-8},
    MRCLASS = {62-01 (62-07 62H30 62J02)},
    MRNUMBER = {3329609},
}

@book {silverman,
    AUTHOR = {Silverman, B. W.},
    TITLE = {Density Estimation for Statistics and Data Analysis},
    SERIES = {Monographs on Statistics and Applied Probability},
    PUBLISHER = {Chapman \& Hall, London},
    YEAR = {1986},
    PAGES = {x+175},
    ISBN = {0-412-24620-1},
    MRCLASS = {62G05},
    MRNUMBER = {848134},
    MRREVIEWER = {David W. Scott},
    DOI = {10.1007/978-1-4899-3324-9},
    URL = {https://doi.org/10.1007/978-1-4899-3324-9},
}

@article {grenander,
    AUTHOR = {Grenander, Ulf},
    TITLE = {On the theory of mortality measurement. {I}, {II}},
    JOURNAL = {Skand. Aktuarietidskr.},
    VOLUME = {39},
    YEAR = {1956},
    PAGES = {70--96, 125--153}
}

@book {groeneboom-book,
    AUTHOR = {Groeneboom, Piet and Jongbloed, Geurt},
    TITLE = {Nonparametric Estimation Under Shape Constraints: Estimators, Algorithms, and Asymptotics},
    SERIES = {Cambridge Series in Statistical and Probabilistic Mathematics},
    VOLUME = {38},
    PUBLISHER = {Cambridge University Press, New York},
    YEAR = {2014},
    PAGES = {xi+416},
    ISBN = {978-0-521-86401-5},
    MRCLASS = {62G05 (62G10 62G20)},
    MRNUMBER = {3445293},
    MRREVIEWER = {Dennis Kristensen},
    DOI = {10.1017/CBO9781139020893},
    URL = {https://doi.org/10.1017/CBO9781139020893},
}

@inproceedings {groeneboom,
    AUTHOR = {Groeneboom, P.},
    TITLE = {Estimating a monotone density},
    BOOKTITLE = {Proceedings of the {B}erkeley conference in honor of {J}erzy {N}eyman and {J}ack {K}iefer, {V}ol. {II} ({B}erkeley, {C}alif., 1983)},
    SERIES = {Wadsworth Statist./Probab. Ser.},
    PAGES = {539--555},
    PUBLISHER = {Wadsworth, Belmont, CA},
    YEAR = {1985},
    MRCLASS = {62G05},
    MRNUMBER = {822052},
    MRREVIEWER = {B. L. S. Prakasa Rao},
}


@article {prakasa,
    AUTHOR = {Prakasa Rao, B. L. S.},
    TITLE = {Estimation of a unimodal density},
    JOURNAL = {Sankhy\={a} Ser. A},
    FJOURNAL = {Sankhy\={a} (Statistics). The Indian Journal of Statistics. Series A},
    VOLUME = {31},
    YEAR = {1969},
    PAGES = {23--36},
    ISSN = {0581-572X},
    MRCLASS = {62.15},
    MRNUMBER = {0267677},
    MRREVIEWER = {M. B. Woodroofe},
}


@article {birge,
    AUTHOR = {Birg\'{e}, Lucien},
    TITLE = {The {G}renander estimator: a nonasymptotic approach},
    JOURNAL = {Ann. Statist.},
    FJOURNAL = {The Annals of Statistics},
    VOLUME = {17},
    YEAR = {1989},
    NUMBER = {4},
    PAGES = {1532--1549},
    ISSN = {0090-5364},
    MRCLASS = {62G05},
    MRNUMBER = {1026298},
    MRREVIEWER = {B. L. S. Prakasa Rao},
    DOI = {10.1214/aos/1176347380},
    URL = {https://doi.org/10.1214/aos/1176347380},
}


@article {birge-order,
    AUTHOR = {Birg\'{e}, Lucien},
    TITLE = {Estimating a density under order restrictions: nonasymptotic minimax risk},
    JOURNAL = {Ann. Statist.},
    FJOURNAL = {The Annals of Statistics},
    VOLUME = {15},
    YEAR = {1987},
    NUMBER = {3},
    PAGES = {995--1012},
    ISSN = {0090-5364},
    MRCLASS = {62G05 (62C20)},
    MRNUMBER = {902241},
    MRREVIEWER = {Dennis Cox},
    DOI = {10.1214/aos/1176350488},
    URL = {https://doi.org/10.1214/aos/1176350488},
}

@article {birge-risk,
    AUTHOR = {Birg\'{e}, Lucien},
    TITLE = {On the risk of histograms for estimating decreasing densities},
    JOURNAL = {Ann. Statist.},
    FJOURNAL = {The Annals of Statistics},
    VOLUME = {15},
    YEAR = {1987},
    NUMBER = {3},
    PAGES = {1013--1022},
    ISSN = {0090-5364},
    MRCLASS = {62G05},
    MRNUMBER = {902242},
    MRREVIEWER = {Eswar G. Phadia},
    DOI = {10.1214/aos/1176350489},
    URL = {https://doi.org/10.1214/aos/1176350489},
}

@incollection{yu-survey,
  title={{A}ssouad, {F}ano, and {L}e {C}am},
  author={Yu, Bin},
  booktitle={Festschrift for {L}ucien {L}e {C}am},
  pages={423--435},
  year={1997},
  publisher={Springer, New York},
  MRNUMBER = {1462963}
}

@article {gessaman,
    AUTHOR = {Gessaman, M. P.},
    TITLE = {A consistent nonparametric multivariate density estimator based on statistically equivalent blocks},
    JOURNAL = {Ann. Math. Statist.},
    VOLUME = {41},
    YEAR = {1970},
    NUMBER = {4},
    PAGES = {1344--1346},
}

@article {chen,
    AUTHOR = {Chen, X. R. and Zhao, L. C.},
    TITLE = {Almost sure {$L_1$}-norm convergence for data-based histogram density estimates},
    JOURNAL = {J. Multivariate Anal.},
    FJOURNAL = {Journal of Multivariate Analysis},
    VOLUME = {21},
    YEAR = {1987},
    NUMBER = {1},
    PAGES = {179--188},
    ISSN = {0047-259X},
    MRCLASS = {62G05},
    MRNUMBER = {877850},
    MRREVIEWER = {Paul Deheuvels},
    DOI = {10.1016/0047-259X(87)90106-0},
    URL = {https://doi.org/10.1016/0047-259X(87)90106-0},
}

@article {lugosi-nobel,
    AUTHOR = {Lugosi, G\'{a}bor and Nobel, Andrew},
    TITLE = {Consistency of data-driven histogram methods for density estimation and classification},
    JOURNAL = {Ann. Statist.},
    FJOURNAL = {The Annals of Statistics},
    VOLUME = {24},
    YEAR = {1996},
    NUMBER = {2},
    PAGES = {687--706},
    ISSN = {0090-5364},
    MRCLASS = {62G05 (62H30)},
    MRNUMBER = {1394983},
    DOI = {10.1214/aos/1032894460},
    URL = {https://doi.org/10.1214/aos/1032894460},
}

@book {pattern,
    AUTHOR = {Devroye, Luc and Gy\"{o}rfi, L\'{a}szl\'{o} and Lugosi, G\'{a}bor},
    TITLE = {A Probabilistic Theory of Pattern Recognition},
    SERIES = {Applications of Mathematics (New York)},
    VOLUME = {31},
    PUBLISHER = {Springer-Verlag, New York},
    YEAR = {1996},
    PAGES = {xvi+636},
    ISBN = {0-387-94618-7},
    MRCLASS = {68T10 (62G05 62H30 68T05)},
    MRNUMBER = {1383093},
    MRREVIEWER = {Margaret P. Gessaman},
    DOI = {10.1007/978-1-4612-0711-5},
    URL = {https://doi.org/10.1007/978-1-4612-0711-5},
}

@inproceedings {kane-logconcave-up,
  AUTHOR = {Diakonikolas, I. and Kane, D. M. and Stewart, A.},
  TITLE = {Learning multivariate log-concave distributions},
  BOOKTITLE = {Proceedings of Machine Learning Research},
  VOLUME = {65},
  SERIES = {COLT '17},
  PAGES = {1--17},
  YEAR = {2017},
}


@article {samworth-lower,
    AUTHOR = {Kim, Arlene K. H. and Samworth, Richard J.},
    TITLE = {Global rates of convergence in log-concave density estimation},
    JOURNAL = {Ann. Statist.},
    FJOURNAL = {The Annals of Statistics},
    VOLUME = {44},
    YEAR = {2016},
    NUMBER = {6},
    PAGES = {2756--2779},
    ISSN = {0090-5364},
    MRCLASS = {62G07 (62G20)},
    MRNUMBER = {3576560},
    DOI = {10.1214/16-AOS1480},
    URL = {https://doi.org/10.1214/16-AOS1480},
}

@article {samworth-survey,
  AUTHOR = {Samworth, R. J.},
  TITLE = {Recent progress in log-concave density estimation},
  JOURNAL = {arXiv e-prints},
  VOLUME = {abs/1709.03154},
  YEAR = {2017},
}

@article{ dagan,
  AUTHOR = {Dagan, Y. and Kur, G.},
  TITLE = {The log-concave maximum likelihood estimator is optimal in high dimensions},
  JOURNAL = {arXiv e-prints},
  VOLUME = {abs/1903.05315},
  YEAR = {2019},
}

@article {assouad,
    AUTHOR = {Assouad, Patrice},
    TITLE = {Deux remarques sur l'estimation},
    JOURNAL = {C. R. Acad. Sci. Paris S\'er. I Math.},
    FJOURNAL = {Comptes Rendus des S\'eances de l'Acad\'emie des Sciences. S\'erie I. Math\'ematique},
    VOLUME = {296},
    YEAR = {1983},
    NUMBER = {23},
    PAGES = {1021--1024},
    ISSN = {0249-6291},
    MRCLASS = {62C20 (93E10)},
    MRNUMBER = {777600},
    MRREVIEWER = {Jean Larisse}
}

@article {groeneboom-convex,
    AUTHOR = {Groeneboom, Piet and Jongbloed, Geurt and Wellner, Jon A.},
    TITLE = {Estimation of a convex function: characterizations and asymptotic theory},
    JOURNAL = {Ann. Statist.},
    FJOURNAL = {The Annals of Statistics},
    VOLUME = {29},
    YEAR = {2001},
    NUMBER = {6},
    PAGES = {1653--1698},
    ISSN = {0090-5364},
    MRCLASS = {62G05 (62E20 62G07 62G08)},
    MRNUMBER = {1891742},
    DOI = {10.1214/aos/1015345958},
    URL = {https://doi.org/10.1214/aos/1015345958},
}

@article {anevski,
    AUTHOR = {Anevski, Dragi},
    TITLE = {Estimating the derivative of a convex density},
    JOURNAL = {Statist. Neerlandica},
    FJOURNAL = {Statistica Neerlandica. Journal of the Netherlands Society for Statistics and Operations Research},
    VOLUME = {57},
    YEAR = {2003},
    NUMBER = {2},
    PAGES = {245--257},
    ISSN = {0039-0402},
    MRCLASS = {62G07 (62G20 62P12)},
    MRNUMBER = {2028914},
    MRREVIEWER = {Paulo E. Oliveira},
    DOI = {10.1111/1467-9574.00229},
    URL = {https://doi.org/10.1111/1467-9574.00229},
}

@phdthesis{jongbloed-thesis,
  title = {Three Statistical Inverse Problems},
  author = {Jongbloed, Geurt},
  school = {Delft University of Technology},
  year = {1995},
}

@article {k-monotone-2,
    AUTHOR = {Balabdaoui, Fadoua and Wellner, Jon A.},
    TITLE = {Estimation of a {$k$}-monotone density: characterizations, consistency and minimax lower bounds},
    JOURNAL = {Stat. Neerl.},
    FJOURNAL = {Statistica Neerlandica. Journal of the Netherlands Society for Statistics and Operations Research},
    VOLUME = {64},
    YEAR = {2010},
    NUMBER = {1},
    PAGES = {45--70},
    ISSN = {0039-0402},
    MRCLASS = {62G07 (62G20)},
    MRNUMBER = {2830965},
    MRREVIEWER = {Sucharita Ghosh},
    DOI = {10.1111/j.1467-9574.2009.00438.x},
    URL = {https://doi.org/10.1111/j.1467-9574.2009.00438.x},
}

@article {k-monotone,
    AUTHOR = {Balabdaoui, Fadoua and Wellner, Jon A.},
    TITLE = {Estimation of a {$k$}-monotone density: limit distribution theory and the spline connection},
    JOURNAL = {Ann. Statist.},
    FJOURNAL = {The Annals of Statistics},
    VOLUME = {35},
    YEAR = {2007},
    NUMBER = {6},
    PAGES = {2536--2564},
    ISSN = {0090-5364},
    MRCLASS = {62G07 (60G15 62E20 62G05)},
    MRNUMBER = {2382657},
    DOI = {10.1214/009053607000000262},
    URL = {https://doi.org/10.1214/009053607000000262},
}


@article {jank,
    AUTHOR = {Jankowski, Hanna K. and Wellner, Jon A.},
    TITLE = {Estimation of a discrete monotone distribution},
    JOURNAL = {Electron. J. Stat.},
    FJOURNAL = {Electronic Journal of Statistics},
    VOLUME = {3},
    YEAR = {2009},
    PAGES = {1567--1605},
    ISSN = {1935-7524},
    MRCLASS = {62E20 (62C15 62F12 62G07 62G30)},
    MRNUMBER = {2578839},
    MRREVIEWER = {Hendrik Paul Lopuha\"{a}},
    DOI = {10.1214/09-EJS526},
    URL = {https://doi.org/10.1214/09-EJS526},
}

@article {bellec,
    AUTHOR = {Bellec, Pierre C.},
    TITLE = {Sharp oracle inequalities for least squares estimators in shape restricted regression},
    JOURNAL = {Ann. Statist.},
    FJOURNAL = {The Annals of Statistics},
    VOLUME = {46},
    YEAR = {2018},
    NUMBER = {2},
    PAGES = {745--780},
    ISSN = {0090-5364},
    MRCLASS = {62G08 (62C20)},
    MRNUMBER = {3782383},
    DOI = {10.1214/17-AOS1566},
    URL = {https://doi.org/10.1214/17-AOS1566},
}

@article {chat,
    AUTHOR = {Chatterjee, Sabyasachi and Guntuboyina, Adityanand and Sen, Bodhisattva},
    TITLE = {On risk bounds in isotonic and other shape restricted regression problems},
    JOURNAL = {Ann. Statist.},
    FJOURNAL = {The Annals of Statistics},
    VOLUME = {43},
    YEAR = {2015},
    NUMBER = {4},
    PAGES = {1774--1800},
    ISSN = {0090-5364},
    MRCLASS = {62G08 (62C20)},
    MRNUMBER = {3357878},
    MRREVIEWER = {Gang Shen},
    DOI = {10.1214/15-AOS1324},
    URL = {https://doi.org/10.1214/15-AOS1324},
}

@article {gao,
  author = {Gao, Chao and Han, Fang and Zhang, Cun-Hui},
  title = {Minimax risk bounds for piecewise constant models},
  journal = {Ann. Statist.},
  year = {2017},
}

@article {gunt,
    AUTHOR = {Guntuboyina, Adityanand and Sen, Bodhisattva},
    TITLE = {Global risk bounds and adaptation in univariate convex regression},
    JOURNAL = {Probab. Theory Related Fields},
    FJOURNAL = {Probability Theory and Related Fields},
    VOLUME = {163},
    YEAR = {2015},
    NUMBER = {1-2},
    PAGES = {379--411},
    ISSN = {0178-8051},
    MRCLASS = {62G08 (62C20)},
    MRNUMBER = {3405621},
    MRREVIEWER = {Botond Szab\'{o}},
    DOI = {10.1007/s00440-014-0595-3},
    URL = {https://doi.org/10.1007/s00440-014-0595-3},
}
